<record><leader>00000cas a2200000 a 4500</leader><controlfield tag="001">15208351</controlfield><controlfield tag="008">870218d18751888iluwr ne      0    0eng c</controlfield><datafield ind1=" " ind2=" " tag="010"><subfield code="a">sn 87082226 </subfield></datafield><datafield ind1=" " ind2=" " tag="040"><subfield code="a">NPV</subfield><subfield code="b">eng</subfield><subfield code="c">NPV</subfield><subfield code="d">NVF</subfield><subfield code="d">OCLCQ</subfield><subfield code="d">NVF</subfield><subfield code="d">OCLCQ</subfield><subfield code="d">OCLCF</subfield><subfield code="d">NVF</subfield><subfield code="d">OCLCO</subfield></datafield><datafield ind1="1" ind2=" " tag="029"><subfield code="a">AU@</subfield><subfield code="b">000025816643</subfield></datafield><datafield ind1=" " ind2=" " tag="042"><subfield code="a">pcc</subfield></datafield><datafield ind1=" " ind2=" " tag="043"><subfield code="a">n-us-il</subfield></datafield><datafield ind1="0" ind2="0" tag="245"><subfield code="a">Alton weekly Democrat.</subfield></datafield><datafield ind1="1" ind2=" " tag="246"><subfield code="i">Published as:</subfield><subfield code="a">Alton Democrat</subfield><subfield code="f">&lt;Apr. 26, 1878&gt;-1888</subfield></datafield><datafield ind1=" " ind2=" " tag="260"><subfield code="a">Alton, Ill. :</subfield><subfield code="b">J.N. Shoemaker</subfield></datafield><datafield ind1=" " ind2=" " tag="300"><subfield code="a">v.</subfield></datafield><datafield ind1=" " ind2=" " tag="310"><subfield code="a">Weekly</subfield></datafield><datafield ind1="1" ind2=" " tag="362"><subfield code="a">Began in 1875?</subfield></datafield><datafield ind1="0" ind2=" " tag="362"><subfield code="a">-v. 13, no. 3 (June 29, 1888).</subfield></datafield><datafield ind1=" " ind2=" " tag="530"><subfield code="a">Preservation microfilmed by the University of Illinois at Urbana-Champaign Library as part of the United States Newspaper Program; the year 1879 (on 1 microfilm reel) is available for purchase from OCLC Preservation Service Centers.</subfield></datafield><datafield ind1=" " ind2=" " tag="580"><subfield code="a">Merged with: Madison County sentinel, to form: Alton sentinel-Democrat (Alton, Ill. : Weekly).</subfield></datafield><datafield ind1=" " ind2=" " tag="588"><subfield code="a">Description based on: Vol. 2, no. 5 (Feb. 17, 1876).</subfield></datafield><datafield ind1=" " ind2="0" tag="651"><subfield code="a">Alton (Ill.)</subfield><subfield code="v">Newspapers.</subfield></datafield><datafield ind1=" " ind2="0" tag="651"><subfield code="a">Madison County (Ill.)</subfield><subfield code="v">Newspapers.</subfield></datafield><datafield ind1=" " ind2="7" tag="651"><subfield code="a">Illinois</subfield><subfield code="z">Alton.</subfield><subfield code="2">fast</subfield><subfield code="0">(OCoLC)fst01221436</subfield></datafield><datafield ind1=" " ind2="7" tag="651"><subfield code="a">Illinois</subfield><subfield code="z">Madison County.</subfield><subfield code="2">fast</subfield><subfield code="0">(OCoLC)fst01209006</subfield></datafield><datafield ind1=" " ind2="7" tag="655"><subfield code="a">Newspapers.</subfield><subfield code="2">fast</subfield><subfield code="0">(OCoLC)fst01423814</subfield></datafield><datafield ind1=" " ind2=" " tag="752"><subfield code="a">United States</subfield><subfield code="b">Illinois</subfield><subfield code="c">Madison</subfield><subfield code="d">Alton.</subfield></datafield><datafield ind1="0" ind2=" " tag="775"><subfield code="t">Alton daily Democrat (Alton, Ill. : 1876)</subfield><subfield code="w">(DLC)sn 87082225</subfield><subfield code="w">(OCoLC)15208505</subfield></datafield><datafield ind1="1" ind2="7" tag="785"><subfield code="t">Madison County sentinel</subfield><subfield code="w">(DLC)sn 91054137</subfield><subfield code="w">(OCoLC)24303524</subfield></datafield><datafield ind1="1" ind2="7" tag="785"><subfield code="t">Alton sentinel-Democrat (Alton, Ill. : Weekly)</subfield><subfield code="w">(DLC)sn 91054142</subfield><subfield code="w">(OCoLC)24357296</subfield></datafield></record>